<?xml version="1.0" encoding="UTF-8"?><record xmlns="http://www.loc.gov/MARC21/slim" xmlns:cinclude="http://apache.org/cocoon/include/1.0" xmlns:zs="http://www.loc.gov/zing/srw/">
  <leader>00508cz  a2200145n  4500</leader>
  <controlfield tag="001">n 2009003404</controlfield>
  <controlfield tag="003">DLC</controlfield>
  <controlfield tag="005">20090116084417.0</controlfield>
  <controlfield tag="008">090115n| acannaabn          |a aaa      </controlfield>
  <datafield tag="010" ind1=" " ind2=" ">
    <subfield code="a">n 2009003404</subfield>
  </datafield>
  <datafield tag="040" ind1=" " ind2=" ">
    <subfield code="a">DLC</subfield>
    <subfield code="b">eng</subfield>
    <subfield code="c">DLC</subfield>
  </datafield>
  <datafield tag="100" ind1="1" ind2=" ">
    <subfield code="a">Culli, Benjamin.</subfield>
    <subfield code="t">Light of Christ</subfield>
  </datafield>
  <datafield tag="400" ind1="1" ind2=" ">
    <subfield code="a">Culli, Benjamin.</subfield>
    <subfield code="t">Preludes on six epiphany hymns</subfield>
  </datafield>
  <datafield tag="400" ind1="1" ind2=" ">
    <subfield code="a">Culli, Benjamin.</subfield>
    <subfield code="t">Preludes on 6 epiphany hymns</subfield>
  </datafield>
  <datafield tag="670" ind1=" " ind2=" ">
    <subfield code="a">Culli, Benjamin. Light of Christ, c2008:</subfield>
    <subfield code="b">t.p. (Light of Christ : preludes on six epiphany hymns : organ)</subfield>
  </datafield>
</record>